<collection xmlns="http://www.loc.gov/MARC21/slim">
<record>
  <leader>01446nam0a22002891i 450 </leader>
  <controlfield tag="001">IT\ICCU\CNCE\025503</controlfield>
  <controlfield tag="005">20150219000000.0</controlfield>
  <datafield tag="012" ind1=" " ind2=" ">
    <subfield code="a">++++ e-la t.e- spCo (3) 1582 (R)</subfield>
    <subfield code="2">fei</subfield>
  </datafield>
  <datafield tag="100" ind1=" " ind2=" ">
    <subfield code="a">19970927d1582        0itac0103    ba</subfield>
  </datafield>
  <datafield tag="101" ind1=" " ind2=" ">
    <subfield code="a">LAT</subfield>
  </datafield>
  <datafield tag="102" ind1=" " ind2=" ">
    <subfield code="a">IT</subfield>
  </datafield>
  <datafield tag="200" ind1="1" ind2=" ">
    <subfield code="a">℗Ventidii Tamberlanis ℗Iuris dialogus ad L. in quartam ff. Ad L. Falcidiam</subfield>
  </datafield>
  <datafield tag="210" ind1=" " ind2=" ">
    <subfield code="a">Romae</subfield>
    <subfield code="c">apud haeredes Antonij Bladij impressores camerales</subfield>
    <subfield code="d">1582</subfield>
    <subfield code="e">Romae</subfield>
    <subfield code="g">apud haeredes Antonij Bladij impressores camerales</subfield>
    <subfield code="h">1582</subfield>
  </datafield>
  <datafield tag="215" ind1=" " ind2=" ">
    <subfield code="a">\8!, 215 \i.e. 213!, \11! p.</subfield>
    <subfield code="d">4ʻ</subfield>
  </datafield>
  <datafield tag="620" ind1=" " ind2=" ">
    <subfield code="a">IT</subfield>
    <subfield code="d">Roma</subfield>
  </datafield>
  <datafield tag="700" ind1=" " ind2="1">
    <subfield code="a">Tamberlani,</subfield>
    <subfield code="b">Ventidio</subfield>
    <subfield code="3">IT\ICCU\CNCA\007457</subfield>
  </datafield>
  <datafield tag="702" ind1=" " ind2="1">
    <subfield code="a">Campani,</subfield>
    <subfield code="b">Cino</subfield>
    <subfield code="3">IT\ICCU\CNCA\002464</subfield>
  </datafield>
  <datafield tag="712" ind1="0" ind2="0">
    <subfield code="a">Blado, Antonio - eredi</subfield>
    <subfield code="3">IT\ICCU\CNCT\000148</subfield>
    <subfield code="4">650</subfield>
  </datafield>
  <datafield tag="790" ind1=" " ind2="1">
    <subfield code="a">Tamberlanis,</subfield>
    <subfield code="b">Ventidius</subfield>
    <subfield code="3">IT\ICCU\CNCA\024970</subfield>
    <subfield code="z">Tamberlani, Ventidio</subfield>
  </datafield>
  <datafield tag="801" ind1=" " ind2="3">
    <subfield code="a">IT</subfield>
    <subfield code="b">ICCU</subfield>
    <subfield code="c">20201114</subfield>
  </datafield>
  <datafield tag="899" ind1=" " ind2=" ">
    <subfield code="a">Biblioteca comunale Raffaele  Liberatore. Lanciano</subfield>
    <subfield code="1">CH0053</subfield>
    <subfield code="2">ZCH 02</subfield>
  </datafield>
  <datafield tag="899" ind1=" " ind2=" ">
    <subfield code="a">Biblioteca comunale Tranquillo Graziani. Cascia</subfield>
    <subfield code="1">PG0023</subfield>
    <subfield code="2">UM1 13</subfield>
  </datafield>
  <datafield tag="899" ind1=" " ind2=" ">
    <subfield code="a">Biblioteca nazionale centrale. Roma</subfield>
    <subfield code="1">RM0267</subfield>
    <subfield code="2">BVE CR</subfield>
  </datafield>
  <datafield tag="899" ind1=" " ind2=" ">
    <subfield code="a">Biblioteca universitaria Alessandrina. Roma</subfield>
    <subfield code="1">RM0280</subfield>
    <subfield code="2">RML 01</subfield>
  </datafield>
  <datafield tag="899" ind1=" " ind2=" ">
    <subfield code="a">Biblioteca Angelica. Roma</subfield>
    <subfield code="1">RM0290</subfield>
    <subfield code="2">RML 06</subfield>
  </datafield>
  <datafield tag="911" ind1=" " ind2=" ">
    <subfield code="a">Nel coloph.</subfield>
    <subfield code="9">IT\ICCU\CNCM\000148</subfield>
  </datafield>
  <datafield tag="921" ind1=" " ind2=" ">
    <subfield code="a">IT\ICCU\CNCM\000148</subfield>
    <subfield code="b">Aquila coronata ad ali spiegate tiene disteso tra gli artigli un drappo. Ai lati iniziali A.B.</subfield>
    <subfield code="c">A23</subfield>
    <subfield code="c">Z130</subfield>
    <subfield code="d">Dimensioni: 4 x 5</subfield>
    <subfield code="f">AB</subfield>
    <subfield code="f">AQUILA</subfield>
    <subfield code="f">DRAPPO</subfield>
    <subfield code="g">1572-1593</subfield>
  </datafield>
</record>
</collection>
